<?xml version="1.0" encoding="UTF-8"?><collection xmlns="http://www.loc.gov/MARC21/slim"><record><leader>00510nam--2200157-i-4500</leader><controlfield tag="001">000011532</controlfield><controlfield tag="002">20161230</controlfield><controlfield tag="005">20161230201029</controlfield><controlfield tag="008">060222s1000------------r-----000-0-eng-d</controlfield><datafield ind1=" " ind2=" " tag="040"><subfield code="a">IFIN-HH</subfield></datafield><datafield ind1=" " ind2=" " tag="080"><subfield code="a">539.1</subfield></datafield><datafield ind1="1" ind2=" " tag="110"><subfield code="a">Comitetul de Stat pentru Energia Nucleara</subfield></datafield><datafield ind1="1" ind2="0" tag="245"><subfield code="a">Proceedings of the international school on nuclear theoretical physics</subfield><subfield code="b">Predeal, september 1969 director od the school prof. a. corciovei</subfield></datafield><datafield ind1=" " ind2=" " tag="260"><subfield code="a">Bucharest</subfield><subfield code="b">Csen</subfield><subfield code="c">1969</subfield></datafield><datafield ind1=" " ind2=" " tag="852"><subfield code="a">34766</subfield><subfield code="c">539</subfield></datafield><datafield ind1=" " ind2=" " tag="CAT"><subfield code="a">Sys</subfield><subfield code="c">20111006</subfield><subfield code="h">131508</subfield></datafield></record></collection>